<?xml version="1.0" encoding="UTF-8"?><collection xmlns="http://www.loc.gov/MARC21/slim"><record><leader>00597nam--2200193-i-4500</leader><controlfield tag="001">000020315</controlfield><controlfield tag="002">20161230</controlfield><controlfield tag="005">20161230201033</controlfield><controlfield tag="008">060222s1000------------r-----000-0-rum-d</controlfield><datafield ind1=" " ind2=" " tag="040"><subfield code="a">IFIN-HH</subfield></datafield><datafield ind1=" " ind2=" " tag="041"><subfield code="a">rum</subfield></datafield><datafield ind1=" " ind2=" " tag="080"><subfield code="a">53(076)</subfield></datafield><datafield ind1="1" ind2=" " tag="100"><subfield code="a">Cone, Gabriela., Stanciu, Gh., Tudorache, St</subfield></datafield><datafield ind1="1" ind2="0" tag="245"><subfield code="a">Probleme de fizica, pentru liceu. mecanica, termodinamica, fizica moleculara</subfield><subfield code="c">Gabriela cone, gheorghe stanciu, stefan tudorache</subfield></datafield><datafield ind1=" " ind2=" " tag="260"><subfield code="a">Bucuresti</subfield><subfield code="b">Editura Academiei Rsr</subfield><subfield code="c">1986</subfield></datafield><datafield ind1=" " ind2=" " tag="300"><subfield code="a">341 P</subfield></datafield><datafield ind1="1" ind2=" " tag="700"><subfield code="a">Tudorache, Stefan</subfield></datafield><datafield ind1=" " ind2=" " tag="852"><subfield code="a">73189</subfield><subfield code="c">53</subfield></datafield><datafield ind1=" " ind2=" " tag="CAT"><subfield code="a">Sys</subfield><subfield code="c">20150807</subfield><subfield code="h">120812</subfield></datafield></record></collection>